@booklet{ABKKZalPro,
    author    = "Adam Balawender and Krzysztof Kwieciński",
    title     = "Wizualizacj rozkładu ciśnienia cieczy na podstawie symulacji komputerowej (założenia projektowe)",
    year     = "2015",
    month    = "marzec"
}

@misc{website:qt,
      author = "\mbox{Qt}",
      url = "http://doc.qt.io/",
      howpublished = "\url{http://doc.qt.io/}"
}

@misc{website:qtquick,
      author = "\mbox{Qt Quick 2D Render}",
      url = "http://doc.qt.io/QtQuick2DRenderer/index.html",
      howpublished = "\url{http://doc.qt.io/QtQuick2DRenderer/index.html}"
}

@misc{website:harada,
      author = "Takahiro Harada and Seiichi Koshizuka and Yoichiro Kawaguchi",
      url = "http://inf.ufrgs.br/cgi2007/cd_cgi/papers/harada.pdf",
      howpublished = "\url{http://inf.ufrgs.br/cgi2007/cd_cgi/papers/harada.pdf}"
}

@misc{website:derive,
    author = "David Bindel",
    url = "http://www.cs.cornell.edu/~bindel/class/cs5220-f11/code/sph-derive.pdf",
    howpublished = "http://www.cs.cornell.edu/~bindel/class/cs5220-f11/code/sph-derive.pdf"}
}
