@booklet{ABKKWstepne,
    author    = "Adam Balawender and Krzysztof Kwieciński",
    title     = "Wizualizacj rozkładu ciśnienia cieczy na podstawie symulacji komputerowej (wstępne rezultaty)",
    year     = "2015",
    month    = "kwiecien"
}

@misc{website:qt,
      author = "\mbox{Qt}",
      url = "http://doc.qt.io/",
      howpublished = "\url{http://doc.qt.io/}"
}

@misc{website:harada,
      author = "Takahiro Harada and Seiichi Koshizuka and Yoichiro Kawaguchi",
      url = "http://inf.ufrgs.br/cgi2007/cd_cgi/papers/harada.pdf",
      howpublished = "\url{http://inf.ufrgs.br/cgi2007/cd_cgi/papers/harada.pdf}"
}

@misc{website:derive,
    author = "David Bindel",
    url = "http://www.cs.cornell.edu/~bindel/class/cs5220-f11/code/sph-derive.pdf",
    howpublished = "http://www.cs.cornell.edu/~bindel/class/cs5220-f11/code/sph-derive.pdf"}
}

@misc{website:doxygen,
    author = "Dimitri van Heesch",
    url = "http://www.doxygen.org/",
    howpublished = "http://www.doxygen.org/"}
}


@book{book:qt24h,
	title = "Poznaj programowanie przy użyciu biblioteki Qt w 24 godziny",
	author = "Daniel Solin",
	year = "2001",
	publisher = "Infoland",
	address = "Warszawa",
}